
@Misc{elastic,
author = "{Elastic NV}",
title = "Elasticsearch",
howpublished = "online",
year = "2010",
cited = "2020-10-19",
url = "https://www.elastic.co/",
}

@Misc{data_mzcr_covid,
author = "{Elastic NV}",
title = "COVID-19 v ČR: Otevřené datové sady",
howpublished = "online",
year = "2010",
cited = "2020-10-20",
url = "https://onemocneni-aktualne.mzcr.cz/api/v2/covid-19",
issn = "2694-9423"
}

@conference{data_mzcr_covid_ofic,
author = "{Komenda M., Karolyi M., Bulhart V., Žofka J., Brauner T., Hak J., Jarkovský J., Mužík J., Blaha M., Kubát J., Klimeš D., Langhammer P., Daňková Š., Májek O., Bartůňková M., Dušek L.}",
title = "COVID‑19: Přehled aktuální situace v ČR. Onemocnění aktuálně",
howpublished = "online",
address = "Praha",
publisher = "Ministerstvo zdravotnictví ČR",
year = "2020",
cited = "2020-10-20",
url = "https://onemocneni-aktualne.mzcr.cz/covid-19",
note = "Vývoj: společné pracoviště ÚZIS ČR a IBA LF MU",
issn = {2694-9423},
}

@Misc{python,
author = "{Python Software Foundation}",
title = "Python",
howpublished = "online",
year = "1991",
cited = "2020-10-20",
url = "https://www.python.org/",
}

@Misc{lucene,
author = "{Apache Software Foundation}",
title = "Apache Lucene",
howpublished = "online",
year = "1999",
cited = "2020-10-20",
url = "https://lucene.apache.org/",
}

@Misc{docker,
author = "{Docker, Inc.}",
title = "Docker",
howpublished = "online",
year = "2013",
cited = "2020-12-7",
url = "https://www.docker.com/",
}
